@MISC{Ishioka:2013,
AUTHOR = {K. Ishioka},
YEAR = {2013},
TITLE = {ispack-1.0.2},
PUBLISHER = {GFD Dennou Club},
url={http://www.gfd-dennou.org/arch/ispack/index.htm.en} 
}

@book{Vallis:2006,
    author = {G. K. Vallis},
    title = {Atmospheric and Oceanic Fluid Dynamics: Fundamentals and Large-Scale Circulation},
    publisher = {Cambridge University Press},
    year = {2006},
    pages = {745}
}

@book{Bender:Orszag:1999,
    author = {Carl M. Bender and Steven A. Orszag},
    title = {Advanced Mathematical Methods for Scientists and Engineers: Asymptotic Methods and Perturbation Theory},
    publisher = {Springer},
    year = {1999},
}

@book{Holton:2004,
    author = {J. R. Holton},
    title = {An Introduction to Dynamic Meteorology},
    publisher = {Elsevier Academic Press},
    year = {2004},
}

@book{Hinch:1991,
    author = {E. J. Hinch},
    title = {Perturbation Methods},
    publisher = {Cambridge University Press},
    year = {1991},
}

@book{Andrews:etal:1987,
    author = {D. G. Andrews and J. R. Holton and C. B. Leovy},
    title = {Middle Atmosphere Dynamics},
    publisher = {Academic Press},
    year = {1987},
    pages = {489}
}
 
@book{Majda:Wang:2006,
    author = {A. Majda and X. Wang},
    title = {Nonlinear Dynamics and Statistical Theories for Basic Geophysical Flows},
    publisher = {Cambridge University Press},
    year = {2006},
    pages = {564}
}

@book{Campa:etal:2014,
    author = {A. Campa and T. Dauxois and D. Fanelli and S. Ruffo},
    title = {Physics of Long-Range Interacting Systems},
    publisher = {Oxford University Press},
    year = {2014},
    pages = {410}
}

@book{Salmon:1998,
    author = {R. Salmon},
    title = {Lectures on Geophysical Fluid Dynamics},
    publisher = {Oxford University Press},
    year = {1998},
    pages = {378}
}

@INCOLLECTION{Waugh:Polvani:2010,
    title = {Stratospheric polar vortices},
    author = {D. W. Waugh and L. M. Polvani},
    publisher = {American Geophysical Union},
    isbn = {9781118666630},
    doi = {10.1002/9781118666630.ch3},
    pages = {43--57},
    booktitle = {{The Stratosphere: Dynamics, Transport, and Chemistry}},
    series = {Geophysical Monograph Series},
    editor = {L. M. Polvani and A. H. Sobel and D. W. Waugh},
    volume = {190},
    year = {2010},
}

@book{Dijkstra:2013,
    author = {H. A. Dijkstra},
    title = {Nonlinear Climate Dynamics},
    publisher = {Cambridge University Press},
    year = {2013},
    pages = {367}
}

@book{Gardiner:2009,
    author = {Crispin Gardiner},
    title = {Stochastic Methods: {A} Handbook for the Natural and Social Sciences},
    publisher = {Springer},
    year = {2009},
    pages = {447}
}

@book{Sekimoto:2010,
    author = {Ken Sekimoto},
    title = {Stochastic Energetics},
    publisher = {Springer},
    year = {2010},
    pages = {300}
}

@book{Seydel:2009,
    author = {Ruediger Seydel},
    title = {Practical Bifurcation and Stability Analysis},
    publisher = {Springer},
    year = {2009},
    pages = {477}
}

@book{Gelfand:Fomin:2000,
    author = {I. M. Gelfand and S. V. Fomin},
    title = {Calculus of Variations},
    publisher = {Dover Publications},
    year = {2000},
    pages = {240}
}

@article{Mcintyre:2009,
    author = {Michael E. McIntyre},
    title = {Spontaneous imbalance and hybrid vortex-gravity structures},
    journal = {J. Atmos. Sci.},
    year = {2009},
    volume={66},
    pages = {1315-1326}
}

@article{Hirota:Niki:1986,
    author = {Isamu Hirota and Toru Niki},
    title = {Inertia-Gravity Waves in the Troposphere and Stratosphere Observed by the MU Radar},
    journal = {J. Meteor. Soc. Japan},
    year = {1986},
    volume={64},
    pages = {995-999}
}

@article{Sato:1989,
    author = {Kaoru Sato},
    title = {An Inertial Gravity Wave Associated with a Synoptic-scale Pressure Trough Observed by the MU Radar},
    journal = {J. Meteor. Soc. Japan},
    year = {1989},
    volume={67},
    pages = {325-334}
}

@article{Saujani:Shepherd:2002,
    author = {Simal Saujani and Theodore G. Shepherd},
    title = {Comments on "Balance and the Slow Quasimanifold: Some Explicit Results"},
    journal = {J. Atmos. Sci.},
    year = {2002},
    volume={59},
    pages = {2874-2877}
}

@article{Vanneste:2013,
    author = {J. Vanneste},
    title = {Balance and Spontaneous Wave Generation in Geophysical Flows},
    journal = {Annu. Rev. Fluid Mech.},
    year = {2013},
    volume={45},
    pages = {147-172}
}

@article{Vanneste:2008,
    author = {J. Vanneste},
    title = {Exponential Smallness of Inertia\UTF{2013}Gravity Wave Generation at Small Rossby Number},
    journal = {J. Atmos. Sci.},
    year = {2008},
    volume={65},
    pages = {1622-1637}
}

@article{Wang:Zhang:2010,
    author = {Shuguang Wang and Fuqing Zhang},
    title = {Source of Gravity Waves within a Vortex-Dipole Jet Revealed by a Linear Model},
    journal = {J. Atmos. Sci.},
    year = {2010},
    volume={67},
    pages = {1438-1455}
}

@article{Lott:etal:2010,
    author = {Francois Lott and Riwal Plougonven and Jacques Vanneste},
    title = {Gravity Waves Generated by Sheared Potential Vorticity Anomalies},
    journal = {J. Atmos. Sci.},
    year = {2010},
    volume={67},
    pages = {157-170}
}

@article{Wang:etal:2010,
    author = {Shuguang Wang and Fuqing Zhang and Craig C. Epifanio},
    title = {Forced gravity wave response near the jet exit region in a linear model},
    journal = {Q. J. R. Meteorol. Soc.},
    year = {2010},
    volume={136},
    pages = {1773-1787}
}

@article{Ford:etal:2000,
    author = {Rupert Ford and Michael E. McIntyre and Warwick A. Norton},
    title = {Balance and the Slow Quasimanifold: Some Explicit Results},
    journal = {J. Atmos. Sci.},
    year = {2000},
    volume={57},
    pages = {1236-1254}
}

@article{OSullivan:Dunkerton:1995,
    author = {Donal O'Sullivan and Timothy J. Dunkerton},
    title = {Generation of inertia-gravity waves in a simulated life-cycle of baroclinic instability},
    journal = {J. Atmos. Sci.},
    year = {1995},
    volume={52},
    pages = {3695-3716}
}

@article{Plougonven:etal:2005,
    author = {Riwal Plougonven and David J. Muraki and Chris Snyder},
    title = {A Baroclinic Instability that Couples Balanced Motions and Gravity Waves},
    journal = {J. Atmos. Sci.},
    year = {2005},
    volume={62},
    pages = {1545-1559}
}

@article{Plougonven:Snyder:2005,
    author = {Riwal Plougonven and Chris Snyder},
    title = {Gravity waves excited by jets: Propagation versus generation},
    journal = {Geophys. Res. Lett.},
    year = {2005},
    volume={32},
    pages = {}
}

@article{Plougonven:Snyder:2007,
    author = {Riwal Plougonven and Chris Snyder},
    title = {Inertia-Gravity Waves Spontaneously Generated by Jets and Fronts. Part {I}: Different Baroclinic Life Cycles},
    journal = {J. Atmos. Sci.},
    year = {2007},
    volume={64},
    pages = {2502-2520}
}

@article{Plougonven:Zhang:2007,
    author = {Riwal Plougonven and Fuqing Zhang},
    title = {On the Forcing of Inertia\UTF{2013}Gravity Waves by Synoptic-Scale Flows},
    journal = {J. Atmos. Sci.},
    year = {2007},
    volume={64},
    pages = {1737-1742}
}

@article{Snyder:etal:2007,
    author = {Chris Snyder and David J. Muraki and Riwal Plougonven and Fuqing Zhang},
    title = {Inertia-Gravity Waves Generated within a Dipole Vortex},
    journal = {J. Atmos. Sci.},
    year = {2007},
    volume={64},
    pages = {4417-4431}
}

@article{Snyder:etal:2009,
    author = {Chris Snyder and Riwal Plougonven and David J. Muraki},
    title = {Mechanisms for Spontaneous Gravity Wave Generation within a Dipole Vortex},
    journal = {J. Atmos. Sci.},
    year = {2009},
    volume={66},
    pages = {3464-3478}
}

@article{Sugimoto:etal:2007,
    author = {Norihiko Sugimoto and Keiichi Ishioka and Shigeo Yoden},
    title = {Gravity wave radiation from unsteady rotational flow in an f-plane shallow water system},
    journal = {Fluid Dyn. Res.},
    year = {2007},
    volume={39},
    pages = {731-754}
}

@article{Sugimoto:etal:2008,
    author = {Norihiko Sugimoto and Keiichi Ishioka and Katsuya Ishii},
    title = {Parameter Sweep Experiments on Spontaneous Gravity Wave Radiation from Unsteady Rotational Flow in an f-Plane Shallow Water System},
    journal = {J. Atmos. Sci.},
    year = {2008},
    volume={65},
    pages = {235-249}
}

@article{Vanneste:Yavneh:2004,
    author = {J. Vanneste and I. Yavneh},
    title = {Exponentially Small Inertia\UTF{2013}Gravity Waves and the Breakdown of Quasigeostrophic Balance},
    journal = {J. Atmos. Sci.},
    year = {2004},
    volume={61},
    pages = {211-223}
}

@article{Viudez:2007,
    author = {{\'{A}}lvaro Vi{\'{u}}dez},
    title = {The origin of the stationary frontal wave packet spontaneously generated in rotating stratified vortex dipoles},
    journal = {J. Fluid Mech.},
    year = {2007},
    volume={593},
    pages = {359-383}
}

@article{Zhang:2004,
    author = {Fuqing Zhang},
    title = {Generation of Mesoscale Gravity Waves in Upper-Tropospheric Jet-Front Systems},
    journal = {J. Atmos. Sci.},
    year = {2004},
    volume={61},
    pages = {440-457}
}

@article{Wirosoetisno:etal:2002,
    author = {D. Wirosoetisno and T. G. Shepherd and R. M. Teman},
    title = {Free Gravity Waves and Balanced Dynamics},
    journal = {J. Atmos. Sci.},
    year = {2002},
    volume={59},
    pages = {3382-3398}
}

@article{Warn:etal:1995,
    author = {T. Warn and O. Bokhove and T. G. Shepherd and G. K. Vallis},
    title = {Rossby number expansions, slaving principles, and balance dynamics},
    journal = {Q. J. R. Meteorol. Soc.},
    year = {1995},
    volume={121},
    pages = {723-739}
}

@article{Chen:etal:1994,
    author = {Lin-Yuan Chen and Nigel Goldenfeld and Y. Oono},
    title = {Renormalization Group Theory for Global Asymptotic Analysis},
    journal = {Phys. Rev. Lett.},
    year = {1994},
    volume={73},
    pages = {1311-1315}
}

@article{Chen:etal:1996,
    author = {Lin-Yuan Chen and Nigel Goldenfeld and Y. Oono},
    title = {Renormalization group and singular perturbations: Multiple scales, boundary layers, and reductive perturbation theory},
    journal = {Phys. Rev. E},
    year = {1996},
    volume={54},
    pages = {376-394}
}

@article{Petcu:etal:2005,
    author = {M. Petcu and R. Temam and D. Wirosoetisno},
    title = {Renormalization group methodappliedto the primitive equations},
    journal = {J. Differential Equations},
    year = {2005},
    volume={208},
    pages = {215-257}
}

@article{Flierl:1987,
    author = {G. R. Flierl},
    title = {Isolated eddy models in geophysics},
    journal = {Annu. Rev. Fluid Mech.},
    year = {1987},
    volume={19},
    pages = {493-530}
}

@article{Berestov:1979,
    author = {A. L. Berestov},
    title = {Solitary Rossby waves},
    journal = {Izv. Acad. Sci. USSR, Atmos. Oceanic Phys.},
    year = {1979},
    volume={15},
    pages = {443-447}
}

@article{Buhler:Mcintyre:2005,
    author = {Oliver B{\"{u}}hler and Michael E. McIntyre},
    title = {Wave capture and wave-vortex duality},
    journal = {J. Fluid Mech.},
    year = {2005},
    volume={534},
    pages = {67-95}
}

@article{Viudez:2008,
    author = {{\'{A}}lvaro Vi{\'{u}}dez},
    title = {The Stationary Frontal Wave Packet Spontaneously Generated in Mesoscale Dipoles},
    journal = {J. Phys. Oceanogr.},
    year = {2008},
    volume={38},
    pages = {243-256}
}

@article{Mohebalhojeh:2002,
    author = {A. R. Mohebalhojeh},
    title = {On shallow-water potential-vorticity inversion by Rossby-number expansions},
    journal = {Q. J. R. Meteorol. Soc.},
    year = {2002},
    volume={128},
    pages = {679-694}
}

@article{Mohebalhojeh:Mcintyre:2007a,
    author = {A. R. Mohebalhojeh and Michael E. McIntyre},
    title = {Local Mass Conservation and Velocity Splitting in PV-Based Balanced Models. Part {I}: The Hyperbalance Equations},
    journal = {J. Atmos. Sci.},
    year = {2007},
    volume={64},
    pages = {1782-1793}
}

@article{Mohebalhojeh:Mcintyre:2007b,
    author = {A. R. Mohebalhojeh and Michael E. McIntyre},
    title = {Local Mass Conservation and Velocity Splitting in PV-Based Balanced Models. Part {II}: Numerical Results},
    journal = {J. Atmos. Sci.},
    year = {2007},
    volume={64},
    pages = {1794-1810}
}

@article{Mcintyre:Norton:2000,
    author = {Michael E. McIntyre and Warwick A. Norton},
    title = {Potential Vorticity Inversion on a Hemisphere},
    journal = {J. Atmos. Sci.},
    year = {2000},
    volume={57},
    pages = {1214-1235}
}

@article{Lorenz:1980,
    author = {E. N. Lorenz},
    title = {Attractor sets and quasi-geostrophic equilibrium},
    journal = {J. Atmos. Sci.},
    year = {1980},
    volume={37},
    pages = {1685-1699}
}

@article{Leith:1980,
    author = {C. E. Leith},
    title = {Nonlinear normal mode initialization and quasi-geostrophic theory},
    journal = {J. Atmos. Sci.},
    year = {1980},
    volume={37},
    pages = {958-968}
}

@article{Saujani:Shepherd:2006,
    author = {Simal Saujani and Theodore G. Shepherd},
    title = {A unified theory of balance in the extratropics},
    journal = {J. Fluid Mech.},
    year = {2006},
    volume={569},
    pages = {447-464}
}

@article{Snyder:etal:1993,
    author = {C. Snyder and W. C. Skamarock and R. Rotunno},
    title = {Frontal dynamics near and following frontal collapse},
    journal = {J. Atmos. Sci.},
    year = {1993},
    volume={50},
    pages = {3194-3211}
}

@article{Hoskins:etal:1985,
    author = {B. J. Hoskins and M. E. McIntyre and A. W. Robertson},
    title = {On the use and significance of isentropic potential vorticity maps},
    journal = {Q. J. R. Meteorol. Soc.},
    year = {1985},
    volume={111},
    pages = {877--946},
    doi = {10.1002/qj.49711147002}
}

@article{Sato:Yoshiki:2008,
    author = {K. Sato and M. Yoshiki},
    title = {Gravity wave generation around the polar vortex in the stratosphere revealed by 3-hourly radiosonde observations at Syowa Station},
    journal = {J. Atmos. Sci.},
    year = {2008},
    volume={65},
    pages = {3719-3735}
}

@article{Alexander:etal:2010,
    author = {M. J. Alexander and M. Geller and C. McLandress and S. Polavarapu and P. Preusse and F. Sassi and K. Sato and S. Eckermann and M. Ern and A. Hertzog and Y. Kawatani and M. Pulido and T. A. Shaw and M. Sigmond and R. Vincentk and S.Watanabe},
    title = {Recent developments in gravity-wave effects in climatemodels and the global distribution of gravity-wavemomentum flux from observations and models},
    journal = {Q. J. R. Meteorol. Soc.},
    year = {2010},
    volume = {136},
    pages = {1103-1124}
}

@article{Alexander:Dunkerton:1999,
    author = {M. J. Alexander and T. J. Dunkerton},
    title = {A Spectral Parameterization of Mean-Flow Forcing due to Breaking Gravity Waves},
    journal = {J. Atmos. Sci.},
    year = {1999},
    volume = {56},
    pages = {4167-4182}
}

@article{Hines:1997,
    author = {Colin O. Hines},
    title = {Doppler-spread parameterization of gravity-wave momentum deposition in the middle atmosphere. Part 2: Broad and quasi monochromatic spectra, and implementation},
    journal = {J. atmos. sol.-terr. Phys.},
    year = {1997},
    volume = {59},
    pages = {387-400}
}

@article{Scinocca:Mcfarlane:2000,
    author = {J. F. Scinocca and N. A. McFarlane},
    title = {The parametrization of drag induced by stratified flow over anisotropic orography},
    journal = {Q. J. R. Meteorol. Soc.},
    year = {2000},
    volume = {126},
    pages = {2353-2393}
}

@article{Warner:Mcintyre:2001,
    author = {C. D. Warner and M. E. McIntyre},
    title = {An Ultrasimple Spectral Parameterization for Nonorographic Gravity Waves},
    journal = {J. Atmos. Sci.},
    year = {2001},
    volume = {58},
    pages = {1837-1857}
}

@article{Iwasaki:etal:1989a,
    author = {T. Iwasaki and S. Yamada and K. Tada},
    title = {A parameterization scheme of orographic gravity wave drag with two different vertical partitionings. Part {I}: Impacts on medium-range forecasts},
    journal = {J. Meteor. Soc. Japan},
    year = {1989},
    volume = {67},
    pages = {11-27}
}

@article{Mclandress:etal:2012,
    author = {Charles McLandress and Theodore G. Shepherd and Saroja Polavarapu and Stephen R. Beagley},
    title = {Is Missing Orographic Gravity Wave Drag near 608S the Cause of the Stratospheric Zonal Wind Biases in Chemistry\UTF{2013}Climate Models?},
    journal = {J. Atmos. Sci.},
    year = {2012},
    volume = {69},
    pages = {802-818}
}

@article{Sato:etal:2009,
    author = {K. Sato and Watanabe, Y. and Kawatani, Y. and Tomikawa, K. and Miyazaki, K and M. Takahashi},
    title = {On the origins of mesospheric gravity waves},
    journal = {Geophys. Res. Lett.},
    year = {2009},
    volume = {36},
    pages = {}
}

@article{Sato:etal:2012,
    author = {Sato, K. and S. Tateno and S. Watanabe and Y. Kawatani},
    title = {Gravity wave characteristics in the Southern Hemisphere revealed by a high-resolution middle-atmosphere general circulation model},
    journal = {J. Atmos. Sci.},
    year = {2012},
    volume = {69},
    pages = {1378\UTF{2013}1396}
}

@article{McFarlane:1987,
    author = {McFarlane, N. A.},
    title = {The effect of orographically excited gravity-wave drag on the circulation of the lower stratosphere and troposphere},
    journal = {J. Atmos. Sci.},
    year = {1987},
    volume = {44},
    pages = {1175-1800}
}

@article{Kunihiro:1995,
    author = {T. Kunihiro},
    title = {A geometrical formulation of the renormalization group method for global analysis},
    journal = {Prog. Theor. Phys.},
    year = {1995},
    volume = {94},
    pages = {503-514}
}

@article{Kunihiro:1997,
    author = {T. Kunihiro},
    title = {The renormalization-group method applied to asymptotic analysis of vector fields},
    journal = {Prog. Theor. Phys.},
    year = {1997},
    volume = {97},
    pages = {179-200}
}

@article{Lott:etal:2012,
    author = {Francois Lott and Riwal Plougonven and Jacques Vanneste},
    title = {Gravity Waves Generated by Sheared Three-Dimensional Potential Vorticity Anomalies},
    journal = {J. Atmos. Sci.},
    year = {2012},
    volume = {69},
    pages = {2134-2151}
}

@article{Yasuda:etal:2014b,
    author = {Yuki Yasuda and Kaoru Sato and Norihiko Sugimoto},
    title = {A Theoretical Study on the Spontaneous Radiation of Inertia-gravity Waves Using the Renormalization Group Method. Part II: Verification of the Theoretical Equations by the Numerical Simulations (submitted)},
    journal = {J. Atmos. Sci.},
    year = {2014},
    volume = {},
    pages = {}
}

@article{Plougonven:etal:2013,
    author = {Riwal Plougonven and Albert Hertzog and Lionel Guez},
    title = {Gravity waves over Antarctica and the Southern Ocean: consistent momentum fluxes in mesoscale simulations and stratospheric balloon observations},
    journal = {Q. J. R. Meteorol. Soc.},
    year = {2013},
    volume = {139},
    pages = {101-118}
}

@article{Miyazaki:etal:2010b,
    author = {K. Miyazaki and K. Sato and S. Watanabe and Y. Tomikawa and Y. Kawatani and M. Takahashi},
    title = {Transport and Mixing in the Extratropical Tropopause Region in a High-Vertical-Resolution GCM. Part II: Relative Importance of Large-Scale and Small-Scale Dynamics},
    journal = {J. Atmos. Sci.},
    year = {2010},
    volume = {67},
    pages = {1315-1336}
}

@article{Dritschel:Viudez:2003,
    author = {David G. Dritschel and {\'{A}}lvaro Vi{\'{u}}dez},
    title = {A balanced approach to modelling rotating stably stratified geophysical flows},
    journal = {J. Fluid Mech.},
    year = {2003},
    volume = {488},
    pages = {123-150}
}

@article{Muraki:etal:1999,
    author = {David J. Muraki and Chris Snyder and Richard Rotunno},
    title = {The Next-Order Corrections to Quasigeostrophic Theory},
    journal = {J. Atmos. Sci.},
    year = {1999},
    volume = {56},
    pages = {1547-1560}
}

@article{Mohebalhojeh:Dritschel:2001,
    author = {A. R. Mohebalhojeh and David G. Dritschel},
    title = {Hierarchies of Balance Conditions for the f-Plane Shallow-Water Equations},
    journal = {J. Atmos. Sci.},
    year = {2001},
    volume = {58},
    pages = {2411-2426}
}

@article{Olafsdottir:etal:2008,
    author = {E. I. {\'{O}}lafsd{\'{o}}ttir and A. B. Olde Daalhuis and J. Vanneste},
    title = {Inertia\UTF{2013}gravity-wave radiation by a sheared vortex},
    journal = {J. Fluid Mech.},
    year = {2008},
    volume = {596},
    pages = {169-189}
}

@article{Matthewman:Esler:2011,
    author = {N. J. Matthewman and J. G. Esler},
    title = {Stratospheric sudden warmings as self-tuning resonances. Part {I}: {V}ortex splitting events},
    journal = {J. Atmos. Sci.},
    year = {2011},
    volume = {68},
    pages = {2481--2504},
    doi = {10.1175/JAS-D-11-07.1}
}

@article{Esler:Matthewman:2011,
    author = {J. G. Esler and N. J. Matthewman},
    title = {Stratospheric Sudden Warmings as Self-Tuning Resonances. Part {I}{I}: {V}ortex Displacement Events},
    journal = {J. Atmos. Sci.},
    year = {2011},
    volume = {68},
    pages = {2505--2523},
    doi = {10.1175/JAS-D-11-08.1}
}

@article{Birner:Williams:2008,
    author = {T. Birner and P. D. Williams},
    title = {Sudden stratospheric warmings as noise-induced transitions},
    journal = {J. Atmos. Sci.},
    year = {2008},
    volume = {65},
    pages = {3337--3343},
    doi = {10.1175/2008JAS2770.1}
}

@article{Sjoberg:Birner:2012,
    author = {J. P. Sjoberg and T. Birner},
    title = {Transient tropospheric forcing of sudden stratospheric warmings},
    journal = {J. Atmos. Sci.},
    year = {2012},
    volume = {69},
    pages = {3420-3432},
    doi = {10.1175/JAS-D-11-0195.1}
}

@article{Bouchet:Simonnet:2009,
    author = {F. Bouchet and E. Simonnet},
    title = {Random changes of flow topology in two-dimensional and geophysical turbulence},
    journal = {Phys. Rev. Lett.},
    year = {2009},
    volume = {102},
    pages = {}
}

@article{Bouchet:etal:2014,
    author = {Freddy Bouchet and Jason Laurie and Oleg Zaboronski},
    title = {{L}angevin dynamics, large deviations and instantons for the quasi-geostrophic model and two-dimensional {E}uler equations},
    journal = {J. Stat. Phys.},
    year = {2014},
    volume = {156},
    pages = {1066--1092},
    doi = {10.1007/s10955-014-1052-5}
}

@article{Laurie:Bouchet:2015,
  author={Jason Laurie and Freddy Bouchet},
  title={Computation of rare transitions in the barotropic quasi-geostrophic equations},
  journal={New J. Phys.},
  volume={17},
  pages={015009},
  doi={10.1088/1367-2630/17/1/015009},
  year={2015},
}

@article{Bouchet:Sommeria:2002,
    author = {Bouchet, F. and Sommeria, J.},
    title = {Emergence of intense jets and {J}upiter's Great Red Spot as maximum-entropy structures},
    journal = {J. Fluid Mech.},
    year = {2002},
    volume = {464},
    pages = {165--207},
    doi = {10.1017/S0022112002008789}
}

@article{Bouchet:2008,
    author = {F. Bouchet},
    title = {Simpler variational problems for statistical equilibria of the 2{D} {E}uler equation and other systems with long range interactions},
    journal = {Physica D},
    year = {2008},
    volume = {237},
    pages = {1976-1981},
    doi = {10.1016/j.physd.2008.02.029}
}

@article{Venaille:Bouchet:2011a,
    author = {A. Venaille and F. Bouchet},
    title = {Ocean rings and jets as statistical equilibrium states},
    journal = {J. Phys. Oceanogr.},
    year = {2011},
    volume = {10},
    pages = {1860--1873},
    doi = {10.1175/2011JPO4583.1}
}

@article{Haynes:2005,
    author = {Peter Haynes},
    title = {Stratospheric Dynamics},
    journal = ARFM,
    year = {2005},
    volume = {37},
    pages = {263--293},
    doi = {10.1146/annurev.fluid.37.061903.175710}
}

@article{Venaille:Bouchet:2011b,
    author = {Antoine Venaille and Freddy Bouchet},
    title = {Solvable phase diagrams and ensemble inequivalence for two-dimensional and geophysical turbulent flows},
    journal = {J. Stat. Phys.},
    year = {2011},
    volume = {143},
    pages = {346--380},
    doi = {10.1007/s10955-011-0168-0}
}

@article{Venaille:Bouchet:2009,
    author = {Antoine Venaille and Freddy Bouchet},
    title = {Statistical ensemble inequivalence and bicritical points for two-dimensional flows and geophysical flows},
    journal = {Phys. Rev. Lett.},
    year = {2009},
    volume = {102},
    pages = {104501},
    doi = {10.1103/PhysRevLett.102.104501}
}

@article{Corvellec:Bouchet:2012,
    author = {M. Corvellec and F. Bouchet},
    title = {A complete theory of low-energy phase diagrams for two-dimensional turbulence steady states and equilibria (arXiv preprint)},
    journal = {},
    year = {2012},
    volume = {},
    pages = {}
}

@article{Matsuno:1971,
    author = {Taroh Matsuno},
    title = {A dynamical model of the stratospheric sudden warming},
    journal = {J. Atmos. Sci.},
    year = {1971},
    volume = {28},
    pages = {1479-1494},
    doi = {10.1175/1520-0469(1971)028<1479:ADMOTS>2.0.CO;2}
}

@article{Baldwin:Dunkerton:2001,
    author = {M. P. Baldwin and T. J. Dunkerton},
    title = {Stratospheric harbingers of anomalous weather regimes},
    journal = {Science},
    year = {2001},
    volume = {294},
    pages = {581--584},
    doi = {10.1126/science.1063315}
}

@article{Charlton:Polvani:2007,
    author = {A. J. Charlton and L. M. Polvani},
    title = {A new look at stratospheric sudden warmings. Part {I}: {C}limatology and modelling benchmarks},
    journal = JCLI,
    year = {2007},
    volume = {20},
    pages = {449--469},
    doi = {10.1175/JCLI3996.1}
}

@article{Matthewman:etal:2009,
    author = {N. J. Matthewman and A. J. Charlton and L. M. Polvani},
    title = {A new look at stratospheric sudden warmings. {P}art {I}{I}{I}: {P}olar vortex evolution and vertical structure},
    journal = JCLI,
    year = {2009},
    volume = {22},
    pages = {1566--1585},
    doi = {10.1175/2008JCLI2365.1}
}

@article{Mitchell:etal:2013,
    author = {D. M. Mitchell and L. J. Gray and J. Anstey and M. P. Baldwin and A. J. Charlton},
    year = {2013},
    title = {The influence of stratospheric vortex
displacements and splits on surface climate},
    journal = JCLI,
    volume = {26},
    pages = {2668--2682},
    doi = {10.1175/JCLI-D-12-00030.1}
}

@article{Nakagawa:Yamazaki:2006,
    author = {K. I. Nakagawa and K. Yamazaki},
    year = {2006},
    title = {What kind of stratospheric sudden warming propagates to the
troposphere?},
    journal = GRL,
    volume = {33},
    eid = {L04801},
    doi = {10.1029/2005GL024784}
}

@article{Holton:Mass:1976,
    author = {J. R. Holton and C. Mass},
    year = {1976},
    title = {Stratospheric vacillation cycles},
    journal = JAS,
    volume = {33},
    pages = {2218--2225},
    doi = {10.1175/1520-0469(1976)033<2218:SVC>2.0.CO;2}
}

@article{Chao:1985,
    author = {W. C. Chao},
    year = {1985},
    title = {Sudden stratospheric warmings as catastrophes},
    journal = JAS,
    volume = {42},
    pages = {1631--1646},
    doi = {10.1175/1520-0469(1985)042<1631:SSWAC>2.0.CO;2}
}

@article{Christiansen:2000,
    author = {B. Christiansen},
    year = {2000},
    title = {Chaos, Quasiperiodicity, and Interannual Variability: {S}tudies of a Stratospheric Vacillation Model},
    journal = JAS,
    volume = {57},
    pages = {3161--3173},
    doi = {10.1175/1520-0469(2000)057<3161:CQAIVS>2.0.CO;2}
}

@article{Yoden:1987a,
    author = { Shigeo  Yoden },
    title = {Bifurcation Properties of a Stratospheric Vacillation Model},
    journal = JAS,
    volume = {44},
    pages = {1723--1733},
    year = {1987},
    doi = {10.1175/1520-0469(1987)044<1723:BPOASV>2.0.CO;2},
}


@article{Ruzmaikin:etal:2003,
    author = {A. Ruzmaikin and J. Lawrence and C. Cadavid},
    year = {2003},
    title = {A Simple Model of Stratospheric Dynamics Including Solar Variability},
    journal = JCLI,
    volume = {16},
    pages = {1593--1600},
    doi = {10.1175/1520-0442-16.10.1593}
}

@article{Sjoberg:Birner:2014,
    author = {J. P. Sjoberg and T. Birner},
    year = {2014},
    title = {Stratospheric Wave-Mean Flow Feedbacks and Sudden Stratospheric Warmings in a Simple Model Forced by Upward Wave Activity Flux},
    journal = JAS,
    volume = {71},
    pages = {4055--471},
    doi = {10.1175/JAS-D-14-0113.1}
}

@article{Plumb:1981a,
    author = {R. A. Plumb},
    year = {1981},
    title = {Forced waves in a baroclinic shear flow. Part 2: Damped and undamped response to weak near-resonant forcing},
    journal = JAS,
    volume = {38},
    pages = {1856--1869},
    doi = {10.1175/1520-0469(1981)038<1856:FWIABS>2.0.CO;2}
}

@article{Plumb:1981b,
    author = {R. A. Plumb},
    year = {1981},
    title = {Instability of the distorted polar night vortex: {A} theory
of stratospheric warmings},
    journal = JAS,
    volume = {38},
    pages = {2514--2531},
    doi = {10.1175/1520-0469(1981)038<2514:IOTDPN>2.0.CO;2}
}

@article{Tung:Lindzen:1979a,
    author = {K. K. Tung and R. S. Lindzen},
    year = {1979},
    title = {A theory of stationary long waves. Part {I}: {A} simple theory of blocking},
    journal = MWR,
    volume = {107},
    pages = {714--734},
    doi = {10.1175/1520-0493(1979)107<0714:ATOSLW>2.0.CO;2}
}

@article{Tung:Lindzen:1979b,
    author = {K. K. Tung and R. S. Lindzen},
    year = {1979},
    title = {A theory of stationary long waves. Part {I}{I}: {R}esonant Rossby waves in the presence of realistic vertical shears},
    journal = MWR,
    volume = {107},
    pages = {735--750},
    doi = {10.1175/1520-0493(1979)107<0735:ATOSLW>2.0.CO;2}
}

@article{Esler:Scott:2005,
    author = {J. G. Esler and R. K. Scott},
    year = {2005},
    title = {Excitation of transient Rossby waves on the stratospheric polar vortex and the barotropic sudden warming},
    journal = JAS,
    volume = {62},
    pages = {3661--3682},
    doi = {10.1175/JAS3557.1}
}

@article{Bouchet:Venaille:2012,
    author = {F. Bouchet and A. Venaille},
    year = {2012},
    title = {Statistical mechanics of two-dimensional and geophysical flows},
    journal = {Phys. Rep.},
    volume = {515},
    pages = {227--295},
    doi = {10.1016/j.physrep.2012.02.001}
}

@article{Seviour:etal:2013,
    author = {W. J. M. Seviour and D. M. Mitchell and L. J. Gray},
    year = {2013},
    title = {A practical method to identify displaced and split stratospheric polar vortex events},
    journal = GRL,
    volume = {40},
    pages = {5268--5273},
    doi = {10.1002/grl.50927}
}

@article{Kobayashi:etal:2015,
    author = {S. Kobayashi and Y. Ota and Y. Harada and A. Ebita and M. Moriya and H. Onoda and K. Onoguch and H. Kamahori and C. Kobayashi and H. Endo and K. Miyaoka and K. Takahashi},
    year = {2015},
    title = {The {J}{R}{A}-55 {R}eanalysis: General Specifications and Basic Characteristics},
    journal = JMSJ,
    volume = {93},
    pages = {5--48},
    doi = {10.2151/jmsj.2015-001}
}

@article{Lait:1994,
    author = {L. R. Lait},
    year = {1994},
    title = {An alternative for potential vorticity},
    journal = JAS,
    volume = {51},
    pages = {1754--1759},
    doi = {10.1175/1520-0469(1994)051<1754:AAFFPV>2.0.CO;2}
}

@article{Polvani:Waugh:2004,
    author = {L. M. Polvani and D. W. Waugh},
    year = {2004},
    title = {Upward Wave Activity Flux as a Precursor to Extreme Stratospheric Events and Subsequent Anomalous Surface Weather Regimes},
    journal = JCLI,
    volume = {17},
    pages = {3548--3554},
    doi = {10.1175/1520-0442(2004)017<3548:UWAFAA>2.0.CO;2}
}

@article{Liberato:etal:2007,
    author = {M. L. R. Liberato and J. M. Castanheira and L. de la Torre and C. C. DaCamara and L. Gimeno},
    year = {2007},
    title = {Wave Energy Associated with the Variability of the Stratospheric Polar Vortex},
    journal = JAS,
    volume = {64},
    pages = {2683--2694.},
    doi = {10.1175/JAS3978.1}
}

@article{Palmer:1981,
    author = {T. N. Palmer},
    year = {1981},
    title = {Diagnostic study of a wavenumber-2 stratospheric sudden warming in a transformed {E}ulerian mean formalism},
    journal = JAS,
    volume = {38},
    pages = {844--855},
    doi = {10.1175/1520-0469(1981)038<0844:DSOAWS>2.0.CO;2}
}

@article{Liu:Scott:2015,
    author = {Y. S. Liu and R. K. Scott},
    year = {2015},
    title = {The onset of the barotropic sudden warming in a global model},
    journal = QJRMS,
    volume = {},
    pages = {},
    doi = {10.1002/qj.2580}
}

@article{Polvani:etal:1995,
    author = {L. M. Polvani and D. W. Waugh and R. A. Plumb},
    year = {1995},
    title = {On the Subtropical Edge of the Stratospheric Surf Zone},
    journal = JAS,
    volume = {52},
    pages = {1288--1309},
    doi = {10.1175/1520-0469(1995)052<1288:OTSEOT>2.0.CO;2}
}

@article{Naso:etal:2010,
    author = {A. Naso and P. H. Chavanis and B. Dubrulle},
    year = {2010},
    title = {Statistical mechanics of two-dimensional {E}uler flows and minimum enstrophy states},
    journal = {Eur. Phys. J. B},
    volume = {77},
    pages = {187--212},
    doi = {10.1140/epjb/e2010-00269-0}
}

@article{Chavanis:Sommeria:1996,
    author = {P. H. Chavanis and J. Sommeria},
    year = {1996},
    title = {Classification of self-organized vortices in two-dimensional turbulence: the case of a bounded domain},
    journal = JFM,
    volume = {314},
    pages = {267--297},
    doi = {10.1017/S0022112096000316}
}

@article{Merryfield:1998,
    author = {W. J. Merryfield},
    year = {1998},
    title = {Effects of stratification on quasi-geostrophic inviscid equilibria},
    journal = JFM,
    volume = {354},
    pages = {345--356},
    doi = {10.1017/S0022112097007684}
}

@article{Venaille:2012,
    author = {A. Venaille},
    year = {2012},
    title = {Bottom-trapped currents as statistical equilibrium states above topographic anomalies},
    journal = JFM,
    volume = {699},
    pages = {500--510},
    doi = {10.1017/jfm.2012.146}
}

@article{Esler:2008,
    author = {J. G. Esler},
    year = {2008},
    title = {The turbulent equilibration of an unstable baroclinic jet},
    journal = JFM,
    volume = {599},
    pages = {241--268},
    doi = {10.1017/S0022112008000153}
}

@article{Prieto:Schubert:2001,
    author = {R. Prieto and W. H. Schubert},
    year = {2001},
    title = {Analytical Predictions for Zonally Symmetric Equilibrium States of the Stratospheric Polar Vortex},
    journal = JAS,
    volume = {58},
    pages = {2709--2728},
    doi = {10.1175/1520-0469(2001)058<2709:APFZSE>2.0.CO;2}
}

@article{Prieto:etal:2001,
    author = {R. Prieto and J. P. Kossin and W. H. Schubert},
    year = {2001},
    title = {Symmetrization of lopsided vorticity monopoles and offset hurricane eyes},
    journal = QJRMS,
    volume = {127},
    pages = {2307--2327},
    doi = {10.1002/qj.49712757706}
}

@article{Ellis:etal:2002,
    author = {R. S. Ellis and K. Haven and B. Turkington},
    year = {2002},
    title = {Nonequivalent statistical equilibrium ensembles and refined stability theorems for most probable flows},
    journal = {Nonlinearity},
    volume = {15},
    pages = {239--255},
    doi = {10.1088/0951-7715/15/2/302}
}

@article{Scott:Polvani:2006,
    author = {R. K. Scott and L. M. Polvani},
    year = {2006},
    title = {Internal Variability of the Winter Stratosphere. Part {I}: {T}ime-Independent Forcing},
    journal = JAS,
    volume = {63},
    pages = {2758--2776},
    doi = {10.1175/JAS3797.1}
}

@article{Rong:Waugh:2004,
    author = {Ping-Ping Rong and D. W. Waugh},
    year = {2004},
    title = {Vacillations in a Shallow-Water Model of the Stratosphere},
    journal = JAS,
    volume = {61},
    pages = {1174--1185},
    doi = {10.1175/1520-0469(2004)061<1174:VIASMO>2.0.CO;2}
}

@article{Mirrokni:etal:2011,
    author = {S. M. MirRokni and A. R. Mohebalhojeh and D. G. Dritschel},
    year = {2011},
    title = {Revisiting vacillations in shallow-water models of the stratosphere using potential-vorticity-based numerical algorithms},
    journal = JAS,
    volume = {68},
    pages = {1007--1022},
    doi = {10.1175/2011JAS3622.1}
}

@article{Miller:1990,
    author = {J. Miller},
    year = {1990},
    title = {Statistical Mechanics of {E}uler Equations in Two Dimensions},
    journal = {Phys. Rev. Lett.},
    volume = {65},
    pages = {2137--2140},
    doi = {10.1103/PhysRevLett.65.2137}
}

@article{Robert:1991,
    author = {R. Robert},
    year = {1991},
    title = {A Maximum-Entropy Principle for Two-Dimensional Perfect Fluid Dynamics},
    journal = {J. Stat. Phys.},
    volume = {65},
    pages = {531--553},
    doi = {10.1007/BF01053743}
}

@article{Robert:Sommeria:1991,
    author = {R. Robert and J. Sommeria},
    year = {1991},
    title = {Statistical equilibrium states for two-dimensional flows},
    journal = JFM,
    volume = {229},
    pages = {291--310},
    doi = {10.1017/S0022112091003038}
}

@article{Mcintyre:1982,
    author = {M. E. McIntyre},
    year = {1982},
    title = {How well do we understand the dynamics of stratospheric warmings?},
    journal = JMSJ,
    volume = {60},
    pages = {37--65},
    doi = {}
}

@article{Gettelman:etal:2011,
    author = {A. Gettelman and P. Hoor and L. L. Pan and W. J. Randel and M. I. Hegglin and T. Birner},
    year = {2011},
    title = {The extratropical upper troposphere and lower stratosphere},
    journal = RGEO,
    volume = {49},
    pages = {RG3003},
    doi = {10.1029/2011RG000355}
}

@article{Tomikawa:etal:2009,
    author = {Y. Tomikawa and Y. Nishimura and T. Yamanouchi},
    year = {2009},
    title = {Characteristics of tropopause and tropopause inversion layer in the polar region},
    journal = SOLA,
    volume = {5},
    pages = {141--144},
    doi = {10.2151/sola.2009\UTF{2012}036}
}

@article{Maycock:Hitchcock:2015,
    author = {A. C. Maycock and P. Hitchcock},
    year = {2015},
    title = {Do split and displacement sudden stratospheric warmings have different annular mode signatures?},
    journal = GRL,
    volume = {42},
    pages = {10943--10951},
    doi = {10.1002/2015GL066754}
}

@article{Kidston:etal:2015,
    author = {J. Kidston and A. A. Scaife and S. C. Hardiman and D. M. Mitchell and N. Butchart and M. P. Baldwin and L. J. Gray},
    year = {2015},
    title = {Stratospheric influence on tropospheric jet streams, storm tracks and surface weather},
    journal = {Nature Geosci.},
    volume = {8},
    pages = {433--440},
    doi = {10.1038/NGEO2424}
}

@article{Tung:1979,
    author = {K. K. Tung},
    title = {A theory of stationary long waves. Part III: Quasi-normal modes in a singular waveguide},
    journal = MWR,
    volume = {107},
    pages = {751--774},
    year = {1979},
    doi = {10.1175/1520-0493(1979)107<0751:ATOSLW>2.0.CO;2}
}

@article{Hitchcock:Simpson:2014,
    author = {P. Hitchcock and I. R. Simpson},
    title = {The downward influence of stratospheric sudden warmings},
    journal = JAS,
    volume = {71},
    pages = {3856--3876},
    year = {2014},
    doi = {10.1175/JAS-D-14-0012.1}
    }

@article{Scott:2016,
    author = {R. K. Scott},
    year = {2016},
    title = {A new class of vacillations of the stratospheric polar vortex},
    journal = QJRMS,
    volume = {142},
    pages = {1948--1957},
    doi = {10.1002/qj.2788}
}

@article{Limpasuvan:etal:2004,
    author = {V. Limpasuvan and D. W. J. Thompson and D. L. Hartmann},
    year = {2004},
    title = {The life cycle of the {N}orthern {H}emisphere sudden stratospheric warmings},
    journal = JCLI,
    volume = {17},
    pages = {2584--2596},
    doi = {10.1175/1520-0442(2004)017<2584:TLCOTN>2.0.CO;2}
}

@article{Mukougawa:Hirooka:2004,
    author = { H. Mukougawa and T. Hirooka },
    title = {Predictability of stratospheric sudden warming: A case study for 1998/99 winter},
    journal = MWR,
    volume = {132},
    pages = {1764--1776},
    year = {2004},
    doi = {10.1175/1520-0493(2004)132<1764:POSSWA>2.0.CO;2}
}



@article {Tripathi:etal:2015,
    author = {Tripathi, Om P. and Baldwin, Mark and Charlton-Perez, Andrew and Charron, Martin and Eckermann, Stephen D. and Gerber, Edwin and Harrison, R. Giles and Jackson, David R. and Kim, Baek-Min and Kuroda, Yuhji and Lang, Andrea and Mahmood, Sana and Mizuta, Ryo and Roff, Greg and Sigmond, Michael and Son, Seok-Woo},
    title = {The predictability of the extratropical stratosphere on monthly time-scales and its impact on the skill of tropospheric forecasts},
    journal = QJRMS,
    volume = {141},
    doi = {10.1002/qj.2432},
    pages = {987--1003},
    year = {2015},
}

@article{Michel:Robert:1994,
    author = {Michel, Julien and Robert, Raoul},
    year = {1994},
    title = {Large deviations for {Y}oung measures and statistical mechanics of infinite-dimensional dynamical systems with conservation law},
    journal = {Comm. Math. Phys.},
    volume = {159},
    pages = {195--215},
    doi = {10.1007/BF02100491}
}

@article{Ellis:etal:2000,
    author = {R. S. Ellis and K. Haven and B. Turkington},
    year = {2000},
    title = {Large deviation principles and complete equivalence and nonequivalence results for pure and mixed ensembles},
    journal = {J. Stat. Phys.},
    volume = {101},
    pages = {999--1064},
    doi = {10.1023/A:1026446225804}
}

@article{Boucher:etal:2000,
    author = {C. Boucher and R. S. Ellis and B. Turkington},
    year = {2000},
    title = {Derivation of maximum entropy principles in two-dimensional turbulence via large deviations},
    journal = {J. Stat. Phys.},
    volume = {98},
    pages = {1235--1278},
    doi = {10.1023/A:1018671813486}
}

@article{Carnevale:Frederiksen:1987,
    author = {Carnevale, G.F. and Frederiksen, J.S.},
    year = {1987},
    title = {Nonlinear stability and statistical mechanics of flow over topography},
    journal = JFM,
    volume = {175},
    pages = {157--181},
    doi = {10.1017/S002211208700034X}
}

@article{Bretherton:Haidvogel:1976,
    author = {Bretherton, F.P. and Haidvogel, D.B.},
    year = {1976},
    title = {Two-dimensional turbulence above topography},
    journal = JFM,
    volume = {78},
    pages = {129--154},
    doi = {10.1017/S002211207600236X}
}

@article{Foias:Saut:1984,
    author = {C. Foias and {J.-C.} Saut},
    year = {1984},
    title = {Asymptotic behavior, as $t \rightarrow \infty$ of solutions of {N}avier-{S}tokes equations and nonlinear spectral manifolds},
    journal = {Indiana Univ. Math. J.},
    volume = {33},
    pages = {459--477},
    doi = {10.1512/iumj.1984.33.33025}
}

@article{Majda:etal:2000,
    author = {A. Majda and {S.-Y.} Shim and X. Wang},
    year = {2000},
    title = {Selective decay for geophysical flows},
    journal = {Meth. Appl. Anal.},
    volume = {7},
    pages = {511--554},
    doi = {10.4310/MAA.2000.v7.n3.a8}
}

@article{Salmon:etal:1976,
    author = {Salmon, R. and Holloway, G. and Hendershott, M.C.},
    year = {1976},
    title = {The equilibrium statistical mechanics of simple quasi-geostrophic models},
    journal = JFM,
    volume = {75},
    pages = {691--703},
    doi = {10.1017/S0022112076000463}
}

@article {Newman:Rosenfield:1997,
    author = {Newman, Paul A. and Rosenfield, Joan E.},
    title = {Stratospheric thermal damping times},
    journal = GRL,
    volume = {24},
    doi = {10.1029/96GL03720},
    pages = {433--436},
    year = {1997},
}

@article{Andrews:Mcintyre:1976,
    author = {Andrews, D. G. and M. E. Mc{I}ntyre},
    year = {1976},
    title = {Planetary waves in horizontal and vertical shear: {G}eneralized {E}liassen-{P}alm relation and mean zonal acceleration},
    journal = JAS,
    volume = {33},
    pages = {2031--2048},
    doi = {10.1175/1520-0469(1976)033<2031:PWIHAV>2.0.CO;2}
}

@article{Andrews:Mcintyre:1978,
    author = {Andrews, D. G. and M. E. Mc{I}ntyre},
    year = {1978},
    title = {Generalized {E}liassen-{P}alm and {C}harney-{D}razin theorems for waves on axisymmetric mean flows in compressible atmospheres},
    journal = JAS,
    volume = {35},
    pages = {175--185},
    doi = {10.1175/1520-0469(1978)035<0175:GEPACD>2.0.CO;2}
}

@article{Edmon:etal:1980,
    author = {H. J. Edmon and B. J. Hoskins and M. E. Mc{I}ntyre},
    year = {1980},
    title = {{E}liassen-{P}alm cross-sections for the troposphere},
    journal = JAS,
    volume = {37},
    pages = {2600--2616},
    doi = {10.1175/1520-0469(1980)037<2600:EPCSFT>2.0.CO;2}
}

@article{Matsuno:1970,
    author = {T. Matsuno},
    year = {1970},
    title = {Vertical propagation of stationary planetary waves in the winter {N}orthern {H}emisphere},
    journal = JAS,
    volume = {27},
    pages = {871--883},
    doi = {10.1175/1520-0469(1970)027<0871:VPOSPW>2.0.CO;2}
}

@article{Mitchell:Rossi:2008,
    author = {T. B. Mitchell and L. F. Rossi},
    year = {2008},
    title = {The evolution of {K}irchhoff elliptic vortices},
    journal = PF,
    volume = {20},
    pages = {},
    doi = {10.1063/1.2912991}
}

@article{Dritschel:1985,
    author = {D. G. Dritschel},
    year = {1985},
    title = {The stability and energetics of corotating uniform vortices},
    journal = JFM,
    volume = {157},
    pages = {95--134},
    doi = {10.1017/S0022112085002324}
}

@article{Dritschel:1986,
    author = {D. G. Dritschel},
    year = {1986},
    title = {The nonlinear evolution of rotating configurations of uniform vorticity},
    journal = JFM,
    volume = {172},
    pages = {157--182},
    doi = {10.1017/S0022112086001696}
}

@article{Love:1893,
    author = {A. E. H. Love},
    year = {1893},
    title = {On the stability of certain vortex motions},
    journal = {Proc. London Math. Soc.},
    volume = {25},
    pages = {18--43},
    doi = {10.1112/plms/s1-25.1.18}
}

@article{Guo:etal:2004,
    author = {Yan Guo and Chris Hallstrom and Daniel Spirn},
    year = {2004},
    title = {Dynamics near an unstable {K}irchhoff ellipse},
    journal = {Comm. Math. Phys.},
    volume = {245},
    pages = {297--354},
    doi = {10.1007/s00220-003-1017-z}
}

@article{Wan:1986,
    author = {Y. H. Wan},
    year = {1986},
    title = {The stability of rotating vortex patches},
    journal = {Comm. Math. Phys.},
    volume = {107},
    pages = {1--20},
    doi = {10.1007/BF01206950}
}

@article{Tang:1987,
    author = {Yun Tang},
    year = {1987},
    title = {Nonlinear stability of vortex patches},
    journal = {Trans. Amer. Math. Soc.},
    volume = {304},
    pages = {617--638},
    doi = {10.1090/S0002-9947-1987-0911087-X}
}

@article{Onsager:1949,
    author = {L. Onsager},
    year = {1949},
    title = {Statistical hydrodynamics},
    journal = {Nuovo Cimento},
    volume = {6},
    pages = {249--286},
    doi = {}
}

@article{Eyink:Sreenivasan:2006,
  title = {Onsager and the theory of hydrodynamic turbulence},
  author = {Eyink, Gregory L. and Sreenivasan, Katepalli R.},
  journal = {Rev. Mod. Phys.},
  volume = {78},
  pages = {87--135},
  year = {2006},
  doi = {10.1103/RevModPhys.78.87},
}


@article{Kraichnan:Montgomery:1980,
    author = { R. H. Kraichnan and D. Montgomery },
    year = {1980},
    title = {Two-dimensional turbulence},
    journal = {Rep. Prog. Phys.},
    volume = {43},
    pages = {547--619},
    doi = {10.1088/0034-4885/43/5/001}
}

@article{Arnold:1965,
    author = {V. Arnold},
    year = {1965},
    title = {Conditions for nonlinear stability of stationary plane curvilinear flows of an ideal fluid},
    journal = {Dokl. Mat. Nauk},
    volume = {162},
    pages = {975--978},
    doi = {}
}

@article{Holm:etal:1985,
    author = {Holm, Darryl D. and Marsden, Jerrold E. and Ratiu, T. and Weinstein, Alan J.},
    year = {1985},
    title = {Nonlinear stability of fluid and plasma equilibria},
    journal = {Phys. Rep.},
    volume = {123},
    pages = {1--116},
    doi = {10.1016/0370-1573(85)90028-6}
}

@article{Touchette:2009,
    author = {Hugo Touchette},
    year = {2009},
    title = {The large deviation approach to statistical mechanics},
    journal = {Phys. Rep.},
    volume = {478},
    pages = {1--69},
    doi = {10.1016/j.physrep.2009.05.002}
}

@article{McIntyre:Palmer:1983,
    author = {M. E. Mc{I}ntyre and T. N. Palmer},
    year = {1983},
    title = {Breaking planetary waves in the stratosphere},
    journal = NAT,
    volume = {305},
    pages = {593--600},
    doi = {10.1038/305593a0}
}

@article{McIntyre:Palmer:1984,
    author = {M. E. Mc{I}ntyre and T. N. Palmer},
    year = {1984},
    title = {The ``surf zone" in the stratosphere},
    journal = {J. Atmos. Terr. Phys.},
    volume = {46},
    pages = {825--849},
    doi = {10.1016/0021-9169(84)90063-1}
}

@article{Waugh:1997,
    author = {Darry N. W. Waugh},
    year = {1997},
    title = {Elliptical diagnostics of stratospheric polar vortices},
    journal = QJRMS,
    volume = {123},
    pages = {1725--1748},
    doi = {10.1002/qj.49712354213}
}

@article{Waugh:Randel:1999,
    author = { Darryn W.  Waugh  and  William J.  Randel },
    title = {Climatology of {A}rctic and {A}ntarctic polar vortices using elliptical diagnostics},
    journal = JAS,
    volume = {56},
    pages = {1594--1613},
    year = {1999},
    doi = {10.1175/1520-0469(1999)056<1594:COAAAP>2.0.CO;2},
}

@article{Roscoe:etal:2005,
    author = { H. K.  Roscoe  and  J. D.  Shanklin  and  S. R.  Colwell },
    title = {Has the {A}ntarctic Vortex Split before 2002{?}},
    journal = JAS,
    volume = {62},
    pages = {581--588},
    year = {2005},
    doi = {10.1175/JAS-3331.1},
}

@article{Bouchet:etal:2016,
    author={Bouchet, Freddy and Grafke, Tobias and Tangarife, Tom{\'a}s and Vanden-Eijnden, Eric},
    title={Large Deviations in Fast--Slow Systems},
    journal={J. Stat. Phys.},
    year={2016},
    volume={162},
    pages={793--812},
    doi={10.1007/s10955-016-1449-4},
}

@article{Black:McDaniel:2007,
    author = { R. X. Black  and  B. A. Mc{D}aniel },
    title = {The Dynamics of {N}orthern {H}emisphere Stratospheric Final Warming Events},
    journal = JAS,
    volume = {64},
    pages = {2932--2946},
    year = {2007},
    doi = {10.1175/JAS3981.1},
}


@MISC{JRA55,
    AUTHOR = {{JRA-55 project}},
    YEAR = {2015},
    TITLE = {The {J}apanese 55-year {R}eanalysis},
    PUBLISHER = {Japan {M}eteorological {A}gency},
    NOTE = {digital media. [Available online at \url{http://jra.kishou.go.jp/JRA-55/index_en.html}.]}
}

@article{Harada:etal:2016,
  title={The {JRA}-55 {R}eanalysis: {R}epresentation of Atmospheric Circulation and Climate Variability},
  author={Yayoi Harada and Hirotaka KAMAHORI and Chiaki KOBAYASHI and Hirokazu ENDO and Shinya KOBAYASHI and Yukinari OTA and Hirokatsu ONODA and Kazutoshi ONOGI and Kengo MIYAOKA and Kiyotoshi TAKAHASHI},
  journal=JMSJ,
  volume={94},
  pages={269--302},
  year={2016},
  doi={10.2151/jmsj.2016-015}
}

@article {Nash:etal:1996,
   author = {Nash, Eric R. and Newman, Paul A. and Rosenfield, Joan E. and Schoeberl, Mark R.},
   title = {An objective determination of the polar vortex using {E}rtel's potential vorticity},
   journal = JGR,
   volume = {101},
   doi = {10.1029/96JD00066},
   pages = {9471--9478},
   year = {1996},
}

@article{Dritschel:McIntyre:2008,
   author = { D. G. Dritschel and M. E. Mc{I}ntyre },
   title = {Multiple Jets as {P}{V} Staircases: {T}he {P}hillips Effect and the Resilience of Eddy-Transport Barriers},
   journal = JAS,
   volume = {65},
   pages = {855--874},
   year = {2008},
   doi = {10.1175/2007JAS2227.1},
}

@article {Hardiman:etal:2011,
   author = {Hardiman, Steven C. and Butchart, Neal and Charlton-Perez, Andrew J. and Shaw, Tiffany A. and Akiyoshi, Hideharu and Baumgaertner, Andreas and Bekki, Slimane and Braesicke, Peter and Chipperfield, Martyn and Dameris, Martin and Garcia, Rolando R. and Michou, Martine and Pawson, Steven and Rozanov, Eugene and Shibata, Kiyotaka},
   title = {Improved predictability of the troposphere using stratospheric final warmings},
   journal = JGR,
   volume = {116},
   doi = {10.1029/2011JD015914},
   year = {2011},
}

@article {Marconia:etal:2008,
   author = {Umberto Marini Bettolo Marconia and Andrea Puglisi and Lamberto Rondonic and Angelo Vulpiani},
   title = {Fluctuation\UTF{2013}dissipation: {R}esponse theory in statistical physics},
   journal = {Phys. Rep.},
   volume = {461},
   pages = {111--195},
   doi = {10.1016/j.physrep.2008.02.002},
   year = {2008},
}

@article{Butler:etal:2015,
author = {Amy H. Butler and Dian J. Seidel and Steven C. Hardiman and Neal Butchart and Thomas Birner and Aaron Match},
title = {Defining Sudden Stratospheric Warmings},
journal = BAMS,
volume = {96},
pages = {1913--1928},
year = {2015},
doi = {10.1175/BAMS-D-13-00173.1},
}

@article{Monahan:etal:2003,
author = { Adam  Hugh Monahan  and  John C.  Fyfe  and  Lionel  Pandolfo },
title = {The Vertical Structure of Wintertime Climate Regimes of the {N}orthern {H}emisphere Extratropical Atmosphere},
journal = JCLI,
volume = {16},
pages = {2005--2021},
year = {2003},
doi = {10.1175/1520-0442(2003)016<2005:TVSOWC>2.0.CO;2},
}

@Article{Watkins:Dayan:1992,
author="Watkins, Christopher J. C. H.
and Dayan, Peter",
title="Q-learning",
journal="Machine Learning",
year="1992",
month="May",
day="01",
volume="8",
number="3",
pages="279--292",
abstract="Q-learning (Watkins, 1989) is a simple way for agents to learn how to act optimally in controlled Markovian domains. It amounts to an incremental method for dynamic programming which imposes limited computational demands. It works by successively improving its evaluations of the quality of particular actions at particular states.",
issn="1573-0565",
doi="10.1007/BF00992698",
url="https://doi.org/10.1007/BF00992698"
}

@article{Mnih:etal:2013,
  author    = {Volodymyr Mnih and
               Koray Kavukcuoglu and
               David Silver and
               Alex Graves and
               Ioannis Antonoglou and
               Daan Wierstra and
               Martin A. Riedmiller},
  title     = {Playing Atari with Deep Reinforcement Learning},
  journal   = {CoRR},
  volume    = {abs/1312.5602},
  year      = {2013},
  url       = {http://arxiv.org/abs/1312.5602},
  archivePrefix = {arXiv},
  eprint    = {1312.5602},
  timestamp = {Mon, 13 Aug 2018 16:47:42 +0200},
  biburl    = {https://dblp.org/rec/bib/journals/corr/MnihKSGAWR13},
  bibsource = {dblp computer science bibliography, https://dblp.org}
}

@inproceedings{Silver:etal:2014,
  title={Deterministic Policy Gradient Algorithms},
  author={David Silver and Guy Lever and Nicolas Heess and Thomas Degris and Daan Wierstra and Martin A. Riedmiller},
  booktitle={ICML},
  year={2014}
}

@ARTICLE{Lillicrap:etal:2015,
       author = {{Lillicrap}, Timothy P. and {Hunt}, Jonathan J. and {Pritzel}, Alexand
        er and {Heess}, Nicolas and {Erez}, Tom and {Tassa}, Yuval and
         {Silver}, David and {Wierstra}, Daan},
        title = "{Continuous control with deep reinforcement learning}",
      journal = {arXiv e-prints},
     keywords = {Computer Science - Machine Learning, Statistics - Machine Learning},
         year = "2015",
        month = "Sep",
          eid = {arXiv:1509.02971},
        pages = {arXiv:1509.02971},
archivePrefix = {arXiv},
       eprint = {1509.02971},
 primaryClass = {cs.LG},
       adsurl = {https://ui.adsabs.harvard.edu/abs/2015arXiv150902971L},
      adsnote = {Provided by the SAO/NASA Astrophysics Data System}
}

@book{Sutton:Barto:2018,
    author = {Richard S. Sutton and Andrew G. Barto},
    title = {Reinforcement Learning: An Introduction},
    edition = 2,
    publisher = {MIT Press},
    year = {2018},
    pages = {532}
}

@book{Goodfellow:etal:2018,
    author = {Ian Goodfellow and Yoshua Bengio and Aaron Courville},
    title = {Deep Learning},
    publisher = {MIT Press},
    year = {2016},
    pages = {800}
}

@book{Shreve:2008,
    author = {Steven Shreve},
    title = {Stochastic Calculus for Finance II: Continuous-Time Models},
    publisher = {Springer},
    edition = 2,
    year = {2008},
    pages = {550}
}

@book{Derman:Miller:2016,
    author = {Emanuel Derman and Michael B. Miller},
    title = {The Volatility Smile},
    publisher = {Wiley},
    year = {2016},
    pages = {495}
}

@article {Kolm:Ritter:2019,
	author = {Kolm, Petter N. and Ritter, Gordon},
	title = {Dynamic Replication and Hedging: A Reinforcement Learning Approach},
	volume = {1},
	number = {1},
	pages = {159--171},
	year = {2019},
	doi = {10.3905/jfds.2019.1.1.159},
	publisher = {Institutional Investor Journals Umbrella},
	abstract = {The authors of this article address the problem of how to optimally hedge an options book in a practical setting, where trading decisions are discrete and trading costs can be nonlinear and difficult to model. Based on reinforcement learning (RL), a well-established machine learning technique, the authors propose a model that is flexible, accurate and very promising for real-world applications. A key strength of the RL approach is that it does not make any assumptions about the form of trading cost. RL learns the minimum variance hedge subject to whatever transaction cost function one provides. All that it needs is a good simulator, in which transaction costs and options prices are simulated accurately.},
	issn = {2405-9188},
	URL = {https://jfds.iijournals.com/content/1/1/159},
	eprint = {https://jfds.iijournals.com/content/1/1/159.full.pdf},
	journal = {The Journal of Financial Data Science}
}

@ARTICLE{Halperin:2017,
       author = {{Halperin}, Igor},
        title = "{QLBS: Q-Learner in the Black-Scholes(-Merton) Worlds}",
      journal = {arXiv e-prints},
     keywords = {Quantitative Finance - Computational Finance, Computer Science - Machine Learning},
         year = "2017",
        month = "Dec",
          eid = {arXiv:1712.04609},
        pages = {arXiv:1712.04609},
archivePrefix = {arXiv},
       eprint = {1712.04609},
 primaryClass = {q-fin.CP},
       adsurl = {https://ui.adsabs.harvard.edu/abs/2017arXiv171204609H},
      adsnote = {Provided by the SAO/NASA Astrophysics Data System}
}

@ARTICLE{Halperin:2018,
       author = {{Halperin}, Igor},
        title = "{The QLBS Q-Learner Goes NuQLear: Fitted Q Iteration, Inverse RL, and Option Portfolios}",
      journal = {arXiv e-prints},
     keywords = {Quantitative Finance - Computational Finance, Computer Science - Machine Learning},
         year = "2018",
        month = "Jan",
          eid = {arXiv:1801.06077},
        pages = {arXiv:1801.06077},
archivePrefix = {arXiv},
       eprint = {1801.06077},
 primaryClass = {q-fin.CP},
       adsurl = {https://ui.adsabs.harvard.edu/abs/2018arXiv180106077H},
      adsnote = {Provided by the SAO/NASA Astrophysics Data System}
}

